
@ONLINE{Doe:2009:Online,
author = {Doe, Ringo},
title = {This is a test entry of type {@ONLINE}},
month = jun,
year = {2009},
url = {http://www.test.org/doe/}
}

@online{WinNT,
  author = {open source},
  url = {https://wiki.jenkins-ci.org/display/JENKINS/Extend+Jenkins}
}



